@article{Tucker2006,
    title = {{A daytime nap containing solely non-REM sleep enhances declarative but not procedural memory}},
    year = {2006},
    journal = {Neurobiology of Learning and Memory},
    author = {Tucker, Matthew A. and Hirota, Yasutaka and Wamsley, Erin J. and Lau, Hiuyan and Chaklader, Annie and Fishbein, William},
    number = {2},
    pages = {241--247},
    volume = {86},
    isbn = {1074-7427 (Print)},
    doi = {10.1016/j.nlm.2006.03.005},
    issn = {10747427},
    pmid = {16647282},
    keywords = {Consolidation, Daytime napping, Declarative memory, Hippocampus, Procedural memory, Sleep, Slow wave sleep}
}

@article{Garvert2017,
    title = {{A map of abstract relational knowledge in the human hippocampal–entorhinal cortex}},
    year = {2017},
    journal = {eLife},
    author = {Garvert, Mona M. and Dolan, Raymond J. and Behrens, Timothy E.J.},
    pages = {1--20},
    volume = {6},
    isbn = {2050-084X (Electronic)2050-084X (Linking)},
    doi = {10.7554/eLife.17086},
    issn = {2050084X},
    pmid = {28448253}
}

@article{Peigneux2004,
    title = {{Are spatial memories strengthened in the human hippocampus during slow wave sleep?}},
    year = {2004},
    journal = {Neuron},
    author = {Peigneux, Philippe and Laureys, Steven and Fuchs, Sonia and Collette, Fabienne and Perrin, Fabien and Reggers, Jean and Phillips, Christophe and Degueldre, Christian and Del Fiore, Guy and Aerts, Joël and Luxen, André and Maquet, Pierre},
    number = {3},
    pages = {535--545},
    volume = {44},
    isbn = {0896-6273 (Print)},
    doi = {10.1016/j.neuron.2004.10.007},
    issn = {08966273},
    pmid = {15504332}
}

@book{Gruber,
    title = {{Basiswissen Psychologie: Ged{\"{a}}chtnis}},
    year = {2018},
    author = {Gruber, Thomas},
    edition = {2. Ausg.},
    publisher = {Berlin: Springer-Verlag},
    isbn = {9783662563618}
}

@article{Lo2014,
    title = {{Comparing the effects of nocturnal sleep and daytime napping on declarative memory consolidation}},
    year = {2014},
    journal = {PLoS ONE},
    author = {Lo, June C. and Dijk, Derk Jan and Groeger, John A.},
    number = {9},
    volume = {9},
    doi = {10.1371/journal.pone.0108100},
    issn = {19326203},
    pmid = {25229457}
}

@article{Medin1978,
    title = {{Context theory of classification learning}},
    year = {1978},
    journal = {Psychological Review},
    author = {Medin, Douglas L. and Schaffer, Marguerite M.},
    number = {3},
    pages = {207--238},
    volume = {85},
    isbn = {0033-295X{\textbackslash}r1939-1471},
    doi = {10.1037/0033-295X.85.3.207},
    issn = {0033295X},
    keywords = {test of context theory vs other theories of ill-de}
}

@article{Lau2010,
    title = {{Daytime napping: Effects on human direct associative and relational memory}},
    year = {2010},
    journal = {Neurobiology of Learning and Memory},
    author = {Lau, H. and Tucker, M. A. and Fishbein, W.},
    number = {4},
    pages = {554--560},
    volume = {93},
    publisher = {Elsevier Inc.},
    url = {http://dx.doi.org/10.1016/j.nlm.2010.02.003},
    isbn = {1074-7427},
    doi = {10.1016/j.nlm.2010.02.003},
    issn = {10747427},
    pmid = {20176120},
    keywords = {Associative memory, Naps, Relational memory, Sleep}
}

@article{Reeder2017,
    title = {{Distributional learning of subcategories in an artificial grammar: Category generalization and subcategory restrictions}},
    year = {2017},
    journal = {Journal of Memory and Language},
    author = {Reeder, Patricia A. and Newport, Elissa L. and Aslin, Richard N.},
    pages = {17--29},
    volume = {97},
    publisher = {Elsevier Inc.},
    url = {http://dx.doi.org/10.1016/j.jml.2017.07.006},
    doi = {10.1016/j.jml.2017.07.006},
    issn = {0749596X},
    keywords = {Categorization, Distributional learning, Language acquisition, Linguistic subcategories}
}

@article{Fosse2003,
    title = {{Dreaming and episodic memory: A functional dissociation?}},
    year = {2003},
    journal = {Journal of Cognitive Neuroscience},
    author = {Fosse, Magdalena J. and Fosse, Roar and Hobson, J. Allan and Stickgold, Robert J.},
    number = {1},
    pages = {1--9},
    volume = {15},
    isbn = {1313401110},
    doi = {10.1162/089892903321107774},
    issn = {0898929X},
    pmid = {12590838}
}

@article{Tucker2008,
    title = {{Enhancement of declarative memory performance following a daytime nap is contingent on strength of initial task acquisition}},
    year = {2008},
    journal = {Sleep},
    author = {Tucker, Matthew A. and Fishbein, William},
    number = {2},
    pages = {197--203},
    volume = {31},
    isbn = {0161-8105 (Print)},
    doi = {10.1093/sleep/31.2.197},
    issn = {01618105},
    pmid = {18274266},
    keywords = {Declarative, Memory, NREM sleep, Nap, Sleep, Slow wave sleep}
}

@article{Radvansky2017,
    title = {{Event boundaries in memory and cognition}},
    year = {2017},
    journal = {Current Opinion in Behavioral Sciences},
    author = {Radvansky, Gabriel A. and Zacks, Jeffrey M.},
    pages = {133--140},
    volume = {17},
    publisher = {Elsevier Ltd},
    url = {http://dx.doi.org/10.1016/j.cobeha.2017.08.006},
    isbn = {2352-1546},
    doi = {10.1016/j.cobeha.2017.08.006},
    issn = {23521546}
}

@article{Zacks2007,
    title = {{Event Segmentation}},
    year = {2007},
    journal = {Current directions in psychological science},
    author = {Zacks, J. M. and Swallow, K. M.},
    number = {2},
    pages = {80--84},
    volume = {16},
    keywords = {event, in-, motion, perception, segmentation, segmentation is automatic}
}

@article{Horner2015,
    title = {{Evidence for holistic episodic recollection via hippocampal pattern completion}},
    year = {2015},
    journal = {Nature Communications},
    author = {Horner, Aidan J. and Bisby, James A. and Bush, Daniel and Lin, Wen Jing and Burgess, Neil},
    number = {May},
    pages = {1--11},
    volume = {6},
    publisher = {Nature Publishing Group},
    url = {http://dx.doi.org/10.1038/ncomms8462},
    isbn = {2041-1723 (Electronic)2041-1723 (Linking)},
    doi = {10.1038/ncomms8462},
    issn = {20411723},
    pmid = {26136141}
}

@article{Sutton2014,
    title = {{For those psychologists about to rock...}},
    year = {2014},
    journal = {Psychologist},
    author = {Sutton, Jon},
    number = {5},
    pages = {320--323},
    volume = {27},
    isbn = {0031-9333{\textbackslash}r1522-1210},
    doi = {10.1152/Physrev.00032.2012},
    issn = {09528229},
    pmid = {23589831},
    arxivId = {http://dx.doi.org/10.1038/nrn2762}
}

@article{Backus2016,
    title = {{Hippocampal-prefrontal theta oscillations support memory integration}},
    year = {2016},
    journal = {Current Biology},
    author = {Backus, Alexander R. and Schoffelen, Jan Mathijs and Szeb{\'{e}}nyi, Szabolcs and Hanslmayr, Simon and Doeller, Christian F.},
    number = {4},
    pages = {450--457},
    volume = {26},
    isbn = {1879-0445 (Electronic){\textbackslash}r0960-9822 (Linking)},
    doi = {10.1016/j.cub.2015.12.048},
    issn = {09609822},
    pmid = {26832442}
}

@article{Eichenbaum2004,
    title = {{Hippocampus: Cognitive processes and neural representations that underlie declarative memory}},
    year = {2004},
    journal = {Neuron},
    author = {Eichenbaum, Howard},
    number = {1},
    pages = {109--120},
    volume = {44},
    isbn = {0896-6273 (Print){\textbackslash}n0896-6273 (Linking)},
    doi = {10.1016/j.neuron.2004.08.028},
    issn = {08966273},
    pmid = {15450164}
}

@article{Ellenbogen2007,
    title = {{Human relational memory requires time and sleep}},
    year = {2007},
    journal = {Proceedings of the National Academy of Sciences},
    author = {Ellenbogen, J. M. and Hu, P. T. and Payne, J. D. and Titone, D. and Walker, M. P.},
    number = {18},
    pages = {7723--7728},
    volume = {104},
    url = {http://www.pnas.org/cgi/doi/10.1073/pnas.0700094104},
    isbn = {0027-8424 (Print){\textbackslash}r0027-8424 (Linking)},
    doi = {10.1073/pnas.0700094104},
    issn = {0027-8424},
    pmid = {17449637}
}

@article{Seger1994,
    title = {{Implicit learning.}},
    year = {1994},
    journal = {Psychological Bulletin},
    author = {Seger, Carol Augart},
    number = {2},
    pages = {163--196},
    volume = {115},
    url = {http://doi.apa.org/getdoi.cfm?doi=10.1037/0033-2909.115.2.163},
    isbn = {0863772234},
    doi = {10.1037/0033-2909.115.2.163},
    issn = {1939-1455},
    pmid = {8165269}
}

@article{Cleeremans1998,
    title = {{Implicit learning: News from the front}},
    year = {1998},
    journal = {Trends in Cognitive Sciences},
    author = {Cleeremans, Axel and Destrebecqz, Arnaud and Boyer, Maud},
    number = {10},
    pages = {406--416},
    volume = {2},
    isbn = {1364-6613},
    doi = {10.1016/S1364-6613(98)01232-7},
    issn = {13646613},
    pmid = {21227256}
}

@incollection{Berry1993,
    title = {{Implicit learning: Theoretical and empirical issues}},
    year = {1993},
    author = {Berry, D. C. and Dienes, Z. P.},
    publisher = {Psychology Press}
}

@article{Cleeremans1991,
    title = {{Learning the structure of event sequences.}},
    year = {1991},
    journal = {Journal of Experimental Psychology},
    author = {Cleeremans, Axel and McClelland, JL},
    number = {3},
    pages = {235--253},
    volume = {120},
    url = {http://psycnet.apa.org/psycinfo/1992-00389-001},
    isbn = {0096-3445 (Print)},
    doi = {10.1037/0096-3445.120.3.235},
    issn = {0096-3445},
    pmid = {1836490}
}

@article{Payne2012,
    title = {{Memory for semantically related and unrelated declarative information: The benefit of sleep, the cost of wake}},
    year = {2012},
    journal = {PLoS ONE},
    author = {Payne, Jessica D. and Tucker, Matthew A. and Ellenbogen, Jeffrey M. and Wamsley, Erin J. and Walker, Matthew P. and Schacter, Daniel L. and Stickgold, Robert},
    number = {3},
    pages = {1--7},
    volume = {7},
    isbn = {1932-6203 (Electronic){\textbackslash}r1932-6203 (Linking)},
    doi = {10.1371/journal.pone.0033079},
    issn = {19326203},
    pmid = {22457736}
}

@article{Schapiro2013,
    title = {{Neural representations of events arise from temporal community structure}},
    year = {2013},
    journal = {Nature Neuroscience},
    author = {Schapiro, Anna C. and Rogers, Timothy T. and Cordova, Natalia I. and Turk-Browne, Nicholas B. and Botvinick, Matthew M.},
    number = {4},
    pages = {486--492},
    volume = {16},
    publisher = {Nature Publishing Group},
    url = {http://dx.doi.org/10.1038/nn.3331},
    isbn = {1546-1726 (Electronic){\textbackslash}n1097-6256 (Linking)},
    doi = {10.1038/nn.3331},
    issn = {10976256},
    pmid = {23416451},
    arxivId = {arXiv:1408.1149}
}

@article{Eichenbaum2017,
    title = {{On the Integration of Space, Time, and Memory}},
    year = {2017},
    journal = {Neuron},
    author = {Eichenbaum, Howard},
    number = {5},
    pages = {1007--1018},
    volume = {95},
    publisher = {Elsevier Inc.},
    url = {http://dx.doi.org/10.1016/j.neuron.2017.06.036},
    isbn = {0896-6273},
    doi = {10.1016/j.neuron.2017.06.036},
    issn = {10974199},
    pmid = {28858612},
    keywords = {CA1, CA3, entorhinal cortex, hippocampus, mixed selectivity, parahippocampal cortex, place cells, temporal context model, time cells}
}

@article{Janacsek2012,
    title = {{Predicting the future: From implicit learning to consolidation}},
    year = {2012},
    journal = {International Journal of Psychophysiology},
    author = {Janacsek, Karolina and Nemeth, Dezso},
    number = {2},
    pages = {213--221},
    volume = {83},
    publisher = {Elsevier B.V.},
    url = {http://dx.doi.org/10.1016/j.ijpsycho.2011.11.012},
    isbn = {9780954118365},
    doi = {10.1016/j.ijpsycho.2011.11.012},
    issn = {01678760},
    pmid = {22154521},
    keywords = {Aging, Awareness, Implicit predictions, Implicit sequence learning, Memory consolidation, Offline changes, Perceptual-motor learning, Sleep}
}

@article{Cartwright2006,
    title = {{Relation of dreams to waking concerns}},
    year = {2006},
    journal = {Psychiatry Research},
    author = {Cartwright, Rosalind and Agargun, Mehmet Y. and Kirkby, Jennifer and Friedman, Julie Kabat},
    number = {3},
    pages = {261--270},
    volume = {141},
    isbn = {0165-1781},
    doi = {10.1016/j.psychres.2005.05.013},
    issn = {01651781},
    pmid = {16497389},
    keywords = {Affect continuity, Current concerns, Depression, Dream incorporation}
}

@article{Kurby2008,
    title = {{Segmentation in the perception and memory of events}},
    year = {2008},
    journal = {Trends in Cognitive Sciences},
    author = {Kurby, Christopher A. and Zacks, Jeffrey M.},
    number = {2},
    pages = {72--79},
    volume = {12},
    isbn = {1364-6613},
    doi = {10.1016/j.tics.2007.11.004},
    issn = {13646613},
    pmid = {18178125}
}

@article{Djonlagic2009,
    title = {{Sleep enhances category learning Sleep enhances category learning}},
    year = {2009},
    author = {Djonlagic, Ina and Rosenfeld, Andrew and Shohamy, Daphna and Djonlagic, Ina and Rosenfeld, Andrew and Shohamy, Daphna and Myers, Catherine and Gluck, Mark and Stickgold, Robert},
    pages = {751--755},
    doi = {10.1101/lm.1634509}
}

@article{Kleim2014,
    title = {{Sleep enhances exposure therapy}},
    year = {2014},
    journal = {Psychological Medicine},
    author = {Kleim, B. and Wilhelm, F. H. and Temp, L. and Margraf, J. and Wiederhold, B. K. and Rasch, B.},
    number = {7},
    pages = {1511--1519},
    volume = {44},
    isbn = {0033291713},
    doi = {10.1017/S0033291713001748},
    issn = {14698978},
    pmid = {23842278},
    keywords = {Electroencephalography, emotional learning, exposure therapy, memory consolidation, phobia, sleep}
}

@article{Wagner2004,
    title = {{Sleep inspires insight}},
    year = {2004},
    journal = {Nature},
    author = {Wagner, Ullrich and Gais, Steffen and Haider, Hilde and Verleger, Rolf and Born, Jan},
    number = {6972},
    pages = {352--355},
    volume = {427},
    isbn = {1476-4687 (Electronic){\textbackslash}r0028-0836 (Linking)},
    doi = {10.1038/nature02223},
    issn = {00280836},
    pmid = {14737168}
}

@article{Smith2001,
    title = {{Sleep states and memory processes in humans: Procedural versus declarative memory systems}},
    year = {2001},
    journal = {Sleep Medicine Reviews},
    author = {Smith, C.},
    number = {6},
    pages = {491--506},
    volume = {5},
    isbn = {1087-0792 (Print)},
    doi = {10.1053/smrv.2001.0164},
    issn = {10870792},
    pmid = {12531156},
    keywords = {Declarative memory, Humans, Learning, NREM sleep, Procedural memory, REM sleep}
}

@article{Smith2012,
    title = {{Sleep states, memory processing, and dreams}},
    year = {2012},
    journal = {Sleep Medicine Clinics},
    author = {Smith, Carlyle},
    number = {3},
    pages = {455--467},
    volume = {7},
    isbn = {0166-4328 (Print)},
    doi = {10.1016/j.jsmc.2012.06.008},
    issn = {1556407X},
    pmid = {7546305},
    keywords = {Dreams, Learning, Memory, Sleep, Sleep states}
}

@book{Eid2015,
    title = {{Statistik und Forschungsmethoden}},
    year = {2015},
    author = {Eid, Michael and Gollwitzer, Mario and Schmitt, Manfred},
    edition = {Auflage: O},
    publisher = {Weinheim: Beltz},
    isbn = {9783621282017}
}

@article{Schapiro2013a,
    title = {{Structure}},
    year = {2013},
    journal = {Nature Neuroscience},
    author = {Schapiro, Anna C and Rogers, Timothy T and Cordova, Natalia I and Turk-, Nicholas B and Botvinick, Matthew M},
    number = {4},
    pages = {486--492},
    volume = {16},
    doi = {10.1038/nn.3331.Neural}
}

@article{Squire1996,
    title = {{Structure and function of declarative and nondeclarative memory systems}},
    year = {1996},
    journal = {Proceedings of the National Academy of Sciences},
    author = {Squire, L. R. and Zola, S. M.},
    number = {24},
    pages = {13515--13522},
    volume = {93},
    url = {http://www.pnas.org/cgi/doi/10.1073/pnas.93.24.13515},
    isbn = {0027-8424},
    doi = {10.1073/pnas.93.24.13515},
    issn = {0027-8424},
    pmid = {8942965},
    arxivId = {NIHMS150003}
}

@article{Wierzchon2012,
    title = {{Subjective measures of consciousness in artificial grammar learning task}},
    year = {2012},
    journal = {Consciousness and Cognition},
    author = {Wierzcho{\'{n}}, Michał and Asanowicz, Dariusz and Paulewicz, Borysław and Cleeremans, Axel},
    number = {3},
    pages = {1141--1153},
    volume = {21},
    doi = {10.1016/j.concog.2012.05.012},
    issn = {10538100},
    pmid = {22728143},
    keywords = {Artificial grammar learning, Confidence, Consciousness, Feeling of warmth, Higher order thoughts, Implicit learning, Subjective measures, Wagering}
}

@article{Hupbach2008,
    title = {{The dynamics of memory: Context-dependent updating}},
    year = {2008},
    journal = {Learning and Memory},
    author = {Hupbach, Almut and Hardt, Oliver and Gomez, Rebecca and Nadel, Lynn},
    number = {8},
    pages = {574--579},
    volume = {15},
    isbn = {1549-5485 (Electronic) 1072-0502 (Linking)},
    doi = {10.1101/lm.1022308},
    issn = {10720502},
    pmid = {18685148}
}

@article{Kamiya2015,
    title = {{The effectiveness of intensive and extensive recasts on L2 acquisition for implicit and explicit knowledge}},
    year = {2015},
    journal = {Linguistics and Education},
    author = {Kamiya, Nobuhiro},
    pages = {59--72},
    volume = {29},
    publisher = {Elsevier Inc.},
    url = {http://dx.doi.org/10.1016/j.linged.2014.11.002},
    doi = {10.1016/j.linged.2014.11.002},
    issn = {08985898},
    keywords = {Corrective feedback, Implicit/explicit knowledge, Intensive/extensive recasts, Planned FonF}
}

@article{Landmann2014,
    title = {{The reorganisation of memory during sleep}},
    year = {2014},
    journal = {Sleep Medicine Reviews},
    author = {Landmann, Nina and Kuhn, Marion and Piosczyk, Hannah and Feige, Bernd and Baglioni, Chiara and Spiegelhalder, Kai and Frase, Lukas and Riemann, Dieter and Sterr, Annette and Nissen, Christoph},
    number = {6},
    pages = {531--541},
    volume = {18},
    publisher = {Elsevier Ltd},
    url = {http://dx.doi.org/10.1016/j.smrv.2014.03.005},
    isbn = {1532-2955 (Electronic){\textbackslash}r1087-0792 (Linking)},
    doi = {10.1016/j.smrv.2014.03.005},
    issn = {15322955},
    pmid = {24813468},
    keywords = {Learning, Memory, Plasticity, Reorganisation, Sleep}
}

@article{Sejnowski2000,
    title = {{Why do we sleep?}},
    year = {2000},
    journal = {Brain Research},
    author = {Sejnowski, Terrence J. and Destexhe, Alain},
    number = {1-2},
    pages = {208--223},
    volume = {886},
    isbn = {1858453410},
    doi = {10.1016/S0006-8993(00)03007-9},
    issn = {00068993},
    pmid = {11119697},
    keywords = {Computational model, Memory consolidation, Rapid eye movement sleep, Slow-wave sleep, Spatio-temporal synchrony, Spindle oscillation, Synaptic plasticity}
}